@article{bubeck,
  title = {Convex Optimization: Algorithms and Complexity},
  author = {SÃ©bastien Bubeck},
  journal = {Foundations and Trends in Machine Learning},
  volume = {8},
  year = {2015},
  number = {3-4},
  pages = {231-357},
}

@inproceedings{Duchi2008,
author = {Duchi, John and Shalev-Shwartz, Shai and Singer, Yoram and Chandra, Tushar},
title = {Efficient projections onto the $\ell_1$-ball for learning in high dimensions},
booktitle = {Proc.~$25$th ICML},
pages = {272--279},
publisher = {ACM},
year = {2008}
}

@article{Frank1956,
author = {Frank, Marguerite and Wolfe, Philip},
doi = {10.1002/nav.3800030109},
issn = {00281441},
journal = {Naval Research Logistics Quarterly},
month = {mar},
number = {1-2},
pages = {95--110},
title = {{An algorithm for quadratic programming}},
volume = {3},
year = {1956}
}
